% Quick tutorial:
% https://www.overleaf.com/learn/latex/Articles/Getting_started_with_BibLaTeX
% Documentation
% http://mirror.ox.ac.uk/sites/ctan.org/macros/latex/contrib/biblatex/doc/biblatex.pdf

@online{svm_wikipedia,
    publisher   = {Wikipedia, The Free Encyclopedia},
    date        = {2019-12-01},
    title       = {Support-vector machine},
    language    = {English},
    author      = {Wikipedia contributors},
    url         = {https://en.wikipedia.org/w/index.php?title=Support-vector_machine&oldid=928737848},
}

@online{rbm_wikipedia,
    publisher   = {Wikipedia, The Free Encyclopedia},
    date        = {2019-12-12},
    title       = {Restricted Boltzmann machine},
    language    = {English},
    author      = {Wikipedia contributors},
    url         = {https://en.wikipedia.org/w/index.php?title=Restricted_Boltzmann_machine&oldid=916416667},
}

@online{em_wikipedia,
    publisher   = {Wikipedia, The Free Encyclopedia},
    date        = {2019-12-16},
    title       = {Expectationâ€“maximization algorithm},
    language    = {English},
    author      = {Wikipedia contributors},
    url         = {https://en.wikipedia.org/w/index.php?title=Expectation%E2%80%93maximization_algorithm&oldid=931028421},
}

@online{som_wikipedia,
    publisher   = {Wikipedia, The Free Encyclopedia},
    date        = {2019-12-18},
    title       = {Self-organizing map},
    language    = {English},
    author      = {Wikipedia contributors},
    url         = {https://en.wikipedia.org/w/index.php?title=Self-organizing_map&oldid=931381798},
}

@online{spectral_cl_wikipedia,
    publisher   = {Wikipedia, The Free Encyclopedia},
    date        = {2019-12-02},
    title       = {Spectral clustering},
    language    = {English},
    author      = {Wikipedia contributors},
    url         = {https://en.wikipedia.org/w/index.php?title=Spectral_clustering&oldid=928954314},
}

@online{birch_wikipedia,
    publisher   = {Wikipedia, The Free Encyclopedia},
    date        = {2019-10-15},
    title       = {BIRCH},
    language    = {English},
    author      = {Wikipedia contributors},
    url         = {https://en.wikipedia.org/w/index.php?title=BIRCH&oldid=921417349},
}
