% Quick tutorial:
% https://www.overleaf.com/learn/latex/Articles/Getting_started_with_BibLaTeX
% Documentation
% http://mirror.ox.ac.uk/sites/ctan.org/macros/latex/contrib/biblatex/doc/biblatex.pdf

@article{tsc_rev,
    issn        = {0306-4379},
    journal     = {Information Systems},
    pages       = {16},
    volume      = {53},
    publisher   = {Elsevier B.V.},
    year        = {2015},
    title       = {Time-series clustering - A decade review},
    language    = {eng},
    author      = {Aghabozorgi, Saeed and Shirkhorshidi, Ali Seyed and Wah, Teh Ying},
    keywords    = {Computer Science – Analysis ; Gene Expression – Analysis ; Financial Markets – Analysis},
}

@article{ts_data_mining,
    author  = {Philippe Esling, Carlos Agon},
    title   = {Time-series data mining},
    year    = {2012},
    journal = {ACM Cumputing Surveys},
    number  = {45}
}