% Quick tutorial:
% https://www.overleaf.com/learn/latex/Articles/Getting_started_with_BibLaTeX
% Documentation
% http://mirror.ox.ac.uk/sites/ctan.org/macros/latex/contrib/biblatex/doc/biblatex.pdf

@report{espen,
    author  = {Espen Waaga},
    title   = {Machine Learning for Automatic Classification of Wind Turbines},
    type    = {Master thesis},
    year    = {2019},
    language= {English},
}

@book{brockwell_davis,
    author   = {Peter J. Brockwell and Richard A. Davis},
    title    = {Introduction to Time Series and Forecasting Third Edition},
    year     = {2016},
    publisher= {Springer International Publishing Switzerland},
}

@book{brockwell_davis_advanced,
    author   = {Peter J. Brockwell and Richard A. Davis},
    title    = {Time Series: Theory and Methods Second Edition},
    year     = {1991},
    publisher= {Springer-Verlag New York, Inc.},
}

@book{stoch_pros,
    author   = {Sheldon M. Ross},
    title    = {Introduction to Probability Models 11th Edition},
    year     = {2014},
    publisher= {Academic Press Elsevier Inc.},
}