% Quick tutorial:
% https://www.overleaf.com/learn/latex/Articles/Getting_started_with_BibLaTeX
% Documentation
% http://mirror.ox.ac.uk/sites/ctan.org/macros/latex/contrib/biblatex/doc/biblatex.pdf

@article{adv_meth_for_wt_cond_monit_rev,
    issn        = {1996-1073},
    journal     = {Energies},
    volume      = {11},
    publisher   = {MDPI},
    number      = {5},
    year        = {2018},
    title       = {Methods for Advanced Wind Turbine Condition Monitoring and Early Diagnosis: A Literature Review},
    language    = {English},
    author      = {Hossain, Ml and Abu-Siada, A and Muyeen, SM},
    keywords    = {Energy Conversion ; System Reliability ; Maintenance ; Maintenance Management ; Fault Detection ; Wind Energy ; Diagnosis ; Catastrophic Failure Analysis ; Wind Energy ; Literature Reviews ; Condition Monitoring ; Turbines ; Data Processing ; Reliability Aspects ; Literature Reviews ; Signal Processing ; Fault Diagnosis ; Wind Power ; Wind Power ; Agricultural Economics ; Fault Diagnosis ; Turbines ; Literature Reviews ; Wind Turbines ; Agricultural Production ; Information Processing ; Wind Energy ; Downtime ; Energy Conversion ; Costs ; Wind Turbine ; Condition Monitoring ; Fault Diagnosis ; Signals ; Signal Processing Methods;}
}