% Quick tutorial:
% https://www.overleaf.com/learn/latex/Articles/Getting_started_with_BibLaTeX
% Documentation
% http://mirror.ox.ac.uk/sites/ctan.org/macros/latex/contrib/biblatex/doc/biblatex.pdf

@book{brockwell,
    author   = {Peter J. Brockwell and Richard A. Davis},
    title    = {Introduction to Time Series and Forecasting
Third Edition},
    year     = {2016},
    publisher= {Springer International Publishing Switzerland},
}

@article{tsc_rev,
    author  = {Saeed Aghabozorgi, Ali Seyed Shirkhorshidi n , Teh Ying Wah},
    title   = {Time-series clustering â€“ A decade review},
    year    = {2015},
    journal = {Information Systems},
    pages   = {16-38},
    number  = {53}
}
